%YAML 1.1
%TAG !u! tag:unity3d.com,2011:
--- !u!1 &3690949153656938321
GameObject:
  m_ObjectHideFlags: 0
  m_CorrespondingSourceObject: {fileID: 0}
  m_PrefabInstance: {fileID: 0}
  m_PrefabAsset: {fileID: 0}
  serializedVersion: 6
  m_Component:
  - component: {fileID: 3690949153656938334}
  - component: {fileID: 3690949153656938332}
  - component: {fileID: 3155050187782567482}
  m_Layer: 0
  m_Name: ValueStatistic
  m_TagString: Untagged
  m_Icon: {fileID: 0}
  m_NavMeshLayer: 0
  m_StaticEditorFlags: 0
  m_IsActive: 1
--- !u!224 &3690949153656938334
RectTransform:
  m_ObjectHideFlags: 0
  m_CorrespondingSourceObject: {fileID: 0}
  m_PrefabInstance: {fileID: 0}
  m_PrefabAsset: {fileID: 0}
  m_GameObject: {fileID: 3690949153656938321}
  m_LocalRotation: {x: 0, y: 0, z: 0, w: 1}
  m_LocalPosition: {x: 0, y: 0, z: 0}
  m_LocalScale: {x: 1, y: 1, z: 1}
  m_Children:
  - {fileID: 4890119949439114619}
  - {fileID: 4890119949624342937}
  m_Father: {fileID: 0}
  m_RootOrder: 0
  m_LocalEulerAnglesHint: {x: 0, y: 0, z: 0}
  m_AnchorMin: {x: 0, y: 1}
  m_AnchorMax: {x: 0, y: 1}
  m_AnchoredPosition: {x: 101.58984, y: -13.079987}
  m_SizeDelta: {x: 200, y: 26.16}
  m_Pivot: {x: 0.5, y: 0.5}
--- !u!222 &3690949153656938332
CanvasRenderer:
  m_ObjectHideFlags: 0
  m_CorrespondingSourceObject: {fileID: 0}
  m_PrefabInstance: {fileID: 0}
  m_PrefabAsset: {fileID: 0}
  m_GameObject: {fileID: 3690949153656938321}
  m_CullTransparentMesh: 0
--- !u!114 &3155050187782567482
MonoBehaviour:
  m_ObjectHideFlags: 0
  m_CorrespondingSourceObject: {fileID: 0}
  m_PrefabInstance: {fileID: 0}
  m_PrefabAsset: {fileID: 0}
  m_GameObject: {fileID: 3690949153656938321}
  m_Enabled: 1
  m_EditorHideFlags: 0
  m_Script: {fileID: 11500000, guid: f318858e0ea839646b9ff3b698b2948f, type: 3}
  m_Name: 
  m_EditorClassIdentifier: 
--- !u!1001 &3690949154617492798
PrefabInstance:
  m_ObjectHideFlags: 0
  serializedVersion: 2
  m_Modification:
    m_TransformParent: {fileID: 3690949153656938334}
    m_Modifications:
    - target: {fileID: 6140700441740160161, guid: 300d1f8765f92944e94cffd522ce181d,
        type: 3}
      propertyPath: m_Name
      value: Current
      objectReference: {fileID: 0}
    - target: {fileID: 8135137671277837479, guid: 300d1f8765f92944e94cffd522ce181d,
        type: 3}
      propertyPath: m_LocalPosition.x
      value: 0
      objectReference: {fileID: 0}
    - target: {fileID: 8135137671277837479, guid: 300d1f8765f92944e94cffd522ce181d,
        type: 3}
      propertyPath: m_LocalPosition.y
      value: 0
      objectReference: {fileID: 0}
    - target: {fileID: 8135137671277837479, guid: 300d1f8765f92944e94cffd522ce181d,
        type: 3}
      propertyPath: m_LocalPosition.z
      value: 0
      objectReference: {fileID: 0}
    - target: {fileID: 8135137671277837479, guid: 300d1f8765f92944e94cffd522ce181d,
        type: 3}
      propertyPath: m_LocalRotation.x
      value: -0
      objectReference: {fileID: 0}
    - target: {fileID: 8135137671277837479, guid: 300d1f8765f92944e94cffd522ce181d,
        type: 3}
      propertyPath: m_LocalRotation.y
      value: -0
      objectReference: {fileID: 0}
    - target: {fileID: 8135137671277837479, guid: 300d1f8765f92944e94cffd522ce181d,
        type: 3}
      propertyPath: m_LocalRotation.z
      value: -0
      objectReference: {fileID: 0}
    - target: {fileID: 8135137671277837479, guid: 300d1f8765f92944e94cffd522ce181d,
        type: 3}
      propertyPath: m_LocalRotation.w
      value: 1
      objectReference: {fileID: 0}
    - target: {fileID: 8135137671277837479, guid: 300d1f8765f92944e94cffd522ce181d,
        type: 3}
      propertyPath: m_RootOrder
      value: 1
      objectReference: {fileID: 0}
    - target: {fileID: 8135137671277837479, guid: 300d1f8765f92944e94cffd522ce181d,
        type: 3}
      propertyPath: m_LocalEulerAnglesHint.x
      value: 0
      objectReference: {fileID: 0}
    - target: {fileID: 8135137671277837479, guid: 300d1f8765f92944e94cffd522ce181d,
        type: 3}
      propertyPath: m_LocalEulerAnglesHint.y
      value: 0
      objectReference: {fileID: 0}
    - target: {fileID: 8135137671277837479, guid: 300d1f8765f92944e94cffd522ce181d,
        type: 3}
      propertyPath: m_LocalEulerAnglesHint.z
      value: 0
      objectReference: {fileID: 0}
    - target: {fileID: 8135137671277837479, guid: 300d1f8765f92944e94cffd522ce181d,
        type: 3}
      propertyPath: m_AnchoredPosition.x
      value: 103.100006
      objectReference: {fileID: 0}
    - target: {fileID: 8135137671277837479, guid: 300d1f8765f92944e94cffd522ce181d,
        type: 3}
      propertyPath: m_AnchoredPosition.y
      value: -13
      objectReference: {fileID: 0}
    - target: {fileID: 8135137671277837479, guid: 300d1f8765f92944e94cffd522ce181d,
        type: 3}
      propertyPath: m_SizeDelta.x
      value: 130
      objectReference: {fileID: 0}
    - target: {fileID: 8135137671277837479, guid: 300d1f8765f92944e94cffd522ce181d,
        type: 3}
      propertyPath: m_SizeDelta.y
      value: 130
      objectReference: {fileID: 0}
    - target: {fileID: 8135137671277837479, guid: 300d1f8765f92944e94cffd522ce181d,
        type: 3}
      propertyPath: m_AnchorMin.x
      value: 0
      objectReference: {fileID: 0}
    - target: {fileID: 8135137671277837479, guid: 300d1f8765f92944e94cffd522ce181d,
        type: 3}
      propertyPath: m_AnchorMin.y
      value: 1
      objectReference: {fileID: 0}
    - target: {fileID: 8135137671277837479, guid: 300d1f8765f92944e94cffd522ce181d,
        type: 3}
      propertyPath: m_AnchorMax.x
      value: 0
      objectReference: {fileID: 0}
    - target: {fileID: 8135137671277837479, guid: 300d1f8765f92944e94cffd522ce181d,
        type: 3}
      propertyPath: m_AnchorMax.y
      value: 1
      objectReference: {fileID: 0}
    - target: {fileID: 8135137671277837479, guid: 300d1f8765f92944e94cffd522ce181d,
        type: 3}
      propertyPath: m_Pivot.x
      value: 0.5
      objectReference: {fileID: 0}
    - target: {fileID: 8135137671277837479, guid: 300d1f8765f92944e94cffd522ce181d,
        type: 3}
      propertyPath: m_Pivot.y
      value: 0.5
      objectReference: {fileID: 0}
    - target: {fileID: 2770111821397698219, guid: 300d1f8765f92944e94cffd522ce181d,
        type: 3}
      propertyPath: m_Text
      value: 22
      objectReference: {fileID: 0}
    m_RemovedComponents: []
  m_SourcePrefab: {fileID: 100100000, guid: 300d1f8765f92944e94cffd522ce181d, type: 3}
--- !u!224 &4890119949624342937 stripped
RectTransform:
  m_CorrespondingSourceObject: {fileID: 8135137671277837479, guid: 300d1f8765f92944e94cffd522ce181d,
    type: 3}
  m_PrefabInstance: {fileID: 3690949154617492798}
  m_PrefabAsset: {fileID: 0}
--- !u!1001 &3690949154805604828
PrefabInstance:
  m_ObjectHideFlags: 0
  serializedVersion: 2
  m_Modification:
    m_TransformParent: {fileID: 3690949153656938334}
    m_Modifications:
    - target: {fileID: 6140700441740160161, guid: 300d1f8765f92944e94cffd522ce181d,
        type: 3}
      propertyPath: m_Name
      value: Name
      objectReference: {fileID: 0}
    - target: {fileID: 8135137671277837479, guid: 300d1f8765f92944e94cffd522ce181d,
        type: 3}
      propertyPath: m_LocalPosition.x
      value: 0
      objectReference: {fileID: 0}
    - target: {fileID: 8135137671277837479, guid: 300d1f8765f92944e94cffd522ce181d,
        type: 3}
      propertyPath: m_LocalPosition.y
      value: 0
      objectReference: {fileID: 0}
    - target: {fileID: 8135137671277837479, guid: 300d1f8765f92944e94cffd522ce181d,
        type: 3}
      propertyPath: m_LocalPosition.z
      value: 0
      objectReference: {fileID: 0}
    - target: {fileID: 8135137671277837479, guid: 300d1f8765f92944e94cffd522ce181d,
        type: 3}
      propertyPath: m_LocalRotation.x
      value: -0
      objectReference: {fileID: 0}
    - target: {fileID: 8135137671277837479, guid: 300d1f8765f92944e94cffd522ce181d,
        type: 3}
      propertyPath: m_LocalRotation.y
      value: -0
      objectReference: {fileID: 0}
    - target: {fileID: 8135137671277837479, guid: 300d1f8765f92944e94cffd522ce181d,
        type: 3}
      propertyPath: m_LocalRotation.z
      value: -0
      objectReference: {fileID: 0}
    - target: {fileID: 8135137671277837479, guid: 300d1f8765f92944e94cffd522ce181d,
        type: 3}
      propertyPath: m_LocalRotation.w
      value: 1
      objectReference: {fileID: 0}
    - target: {fileID: 8135137671277837479, guid: 300d1f8765f92944e94cffd522ce181d,
        type: 3}
      propertyPath: m_RootOrder
      value: 0
      objectReference: {fileID: 0}
    - target: {fileID: 8135137671277837479, guid: 300d1f8765f92944e94cffd522ce181d,
        type: 3}
      propertyPath: m_LocalEulerAnglesHint.x
      value: 0
      objectReference: {fileID: 0}
    - target: {fileID: 8135137671277837479, guid: 300d1f8765f92944e94cffd522ce181d,
        type: 3}
      propertyPath: m_LocalEulerAnglesHint.y
      value: 0
      objectReference: {fileID: 0}
    - target: {fileID: 8135137671277837479, guid: 300d1f8765f92944e94cffd522ce181d,
        type: 3}
      propertyPath: m_LocalEulerAnglesHint.z
      value: 0
      objectReference: {fileID: 0}
    - target: {fileID: 8135137671277837479, guid: 300d1f8765f92944e94cffd522ce181d,
        type: 3}
      propertyPath: m_AnchoredPosition.x
      value: 43.1
      objectReference: {fileID: 0}
    - target: {fileID: 8135137671277837479, guid: 300d1f8765f92944e94cffd522ce181d,
        type: 3}
      propertyPath: m_AnchoredPosition.y
      value: -13
      objectReference: {fileID: 0}
    - target: {fileID: 8135137671277837479, guid: 300d1f8765f92944e94cffd522ce181d,
        type: 3}
      propertyPath: m_SizeDelta.x
      value: 430
      objectReference: {fileID: 0}
    - target: {fileID: 8135137671277837479, guid: 300d1f8765f92944e94cffd522ce181d,
        type: 3}
      propertyPath: m_SizeDelta.y
      value: 130
      objectReference: {fileID: 0}
    - target: {fileID: 8135137671277837479, guid: 300d1f8765f92944e94cffd522ce181d,
        type: 3}
      propertyPath: m_AnchorMin.x
      value: 0
      objectReference: {fileID: 0}
    - target: {fileID: 8135137671277837479, guid: 300d1f8765f92944e94cffd522ce181d,
        type: 3}
      propertyPath: m_AnchorMin.y
      value: 1
      objectReference: {fileID: 0}
    - target: {fileID: 8135137671277837479, guid: 300d1f8765f92944e94cffd522ce181d,
        type: 3}
      propertyPath: m_AnchorMax.x
      value: 0
      objectReference: {fileID: 0}
    - target: {fileID: 8135137671277837479, guid: 300d1f8765f92944e94cffd522ce181d,
        type: 3}
      propertyPath: m_AnchorMax.y
      value: 1
      objectReference: {fileID: 0}
    - target: {fileID: 8135137671277837479, guid: 300d1f8765f92944e94cffd522ce181d,
        type: 3}
      propertyPath: m_Pivot.x
      value: 0.5
      objectReference: {fileID: 0}
    - target: {fileID: 8135137671277837479, guid: 300d1f8765f92944e94cffd522ce181d,
        type: 3}
      propertyPath: m_Pivot.y
      value: 0.5
      objectReference: {fileID: 0}
    - target: {fileID: 2770111821397698219, guid: 300d1f8765f92944e94cffd522ce181d,
        type: 3}
      propertyPath: m_Text
      value: 'Movement:'
      objectReference: {fileID: 0}
    m_RemovedComponents: []
  m_SourcePrefab: {fileID: 100100000, guid: 300d1f8765f92944e94cffd522ce181d, type: 3}
--- !u!224 &4890119949439114619 stripped
RectTransform:
  m_CorrespondingSourceObject: {fileID: 8135137671277837479, guid: 300d1f8765f92944e94cffd522ce181d,
    type: 3}
  m_PrefabInstance: {fileID: 3690949154805604828}
  m_PrefabAsset: {fileID: 0}
