%YAML 1.1
%TAG !u! tag:unity3d.com,2011:
--- !u!1 &1334463384746276230
GameObject:
  m_ObjectHideFlags: 0
  m_CorrespondingSourceObject: {fileID: 0}
  m_PrefabInstance: {fileID: 0}
  m_PrefabAsset: {fileID: 0}
  serializedVersion: 6
  m_Component:
  - component: {fileID: 6559856947236696913}
  - component: {fileID: 8674269793443382756}
  - component: {fileID: 3303673003157134982}
  m_Layer: 5
  m_Name: Air
  m_TagString: ExplorationActionArea
  m_Icon: {fileID: 0}
  m_NavMeshLayer: 0
  m_StaticEditorFlags: 0
  m_IsActive: 1
--- !u!224 &6559856947236696913
RectTransform:
  m_ObjectHideFlags: 0
  m_CorrespondingSourceObject: {fileID: 0}
  m_PrefabInstance: {fileID: 0}
  m_PrefabAsset: {fileID: 0}
  m_GameObject: {fileID: 1334463384746276230}
  m_LocalRotation: {x: -0, y: -0, z: -0, w: 1}
  m_LocalPosition: {x: 0, y: 0, z: 0}
  m_LocalScale: {x: 1, y: 1, z: 1}
  m_Children: []
  m_Father: {fileID: 6378653737975583565}
  m_RootOrder: 0
  m_LocalEulerAnglesHint: {x: 0, y: 0, z: 0}
  m_AnchorMin: {x: 0, y: 0}
  m_AnchorMax: {x: 1, y: 1}
  m_AnchoredPosition: {x: 0, y: 145}
  m_SizeDelta: {x: 0, y: -289.9}
  m_Pivot: {x: 0.5, y: 0.5}
--- !u!222 &8674269793443382756
CanvasRenderer:
  m_ObjectHideFlags: 0
  m_CorrespondingSourceObject: {fileID: 0}
  m_PrefabInstance: {fileID: 0}
  m_PrefabAsset: {fileID: 0}
  m_GameObject: {fileID: 1334463384746276230}
  m_CullTransparentMesh: 0
--- !u!114 &3303673003157134982
MonoBehaviour:
  m_ObjectHideFlags: 0
  m_CorrespondingSourceObject: {fileID: 0}
  m_PrefabInstance: {fileID: 0}
  m_PrefabAsset: {fileID: 0}
  m_GameObject: {fileID: 1334463384746276230}
  m_Enabled: 1
  m_EditorHideFlags: 0
  m_Script: {fileID: 11500000, guid: fe87c0e1cc204ed48ad3b37840f39efc, type: 3}
  m_Name: 
  m_EditorClassIdentifier: 
  m_Material: {fileID: 0}
  m_Color: {r: 0.057849795, g: 0.19936226, b: 0.9433962, a: 0}
  m_RaycastTarget: 1
  m_OnCullStateChanged:
    m_PersistentCalls:
      m_Calls: []
    m_TypeName: UnityEngine.UI.MaskableGraphic+CullStateChangedEvent, UnityEngine.UI,
      Version=1.0.0.0, Culture=neutral, PublicKeyToken=null
  m_Sprite: {fileID: 10907, guid: 0000000000000000f000000000000000, type: 0}
  m_Type: 1
  m_PreserveAspect: 0
  m_FillCenter: 1
  m_FillMethod: 4
  m_FillAmount: 1
  m_FillClockwise: 1
  m_FillOrigin: 0
  m_UseSpriteMesh: 0
  m_PixelsPerUnitMultiplier: 1
--- !u!1 &1842097701507375174
GameObject:
  m_ObjectHideFlags: 0
  m_CorrespondingSourceObject: {fileID: 0}
  m_PrefabInstance: {fileID: 0}
  m_PrefabAsset: {fileID: 0}
  serializedVersion: 6
  m_Component:
  - component: {fileID: 6378653737975583565}
  - component: {fileID: 8059797665371374059}
  - component: {fileID: 5851514211131189948}
  - component: {fileID: 2180052277183543108}
  m_Layer: 5
  m_Name: PlatformCard
  m_TagString: Platform
  m_Icon: {fileID: 0}
  m_NavMeshLayer: 0
  m_StaticEditorFlags: 0
  m_IsActive: 1
--- !u!224 &6378653737975583565
RectTransform:
  m_ObjectHideFlags: 0
  m_CorrespondingSourceObject: {fileID: 0}
  m_PrefabInstance: {fileID: 0}
  m_PrefabAsset: {fileID: 0}
  m_GameObject: {fileID: 1842097701507375174}
  m_LocalRotation: {x: -0, y: -0, z: -0, w: 1}
  m_LocalPosition: {x: 0, y: 0, z: 0}
  m_LocalScale: {x: 1, y: 1, z: 1}
  m_Children:
  - {fileID: 6559856947236696913}
  - {fileID: 6324870915295485510}
  - {fileID: 6782114091646581058}
  - {fileID: 5603694900530893413}
  - {fileID: 5205331690873226570}
  - {fileID: 6540978158596816840}
  - {fileID: 3217191474486294981}
  - {fileID: 7100456240665866903}
  - {fileID: 3267942756055725581}
  m_Father: {fileID: 0}
  m_RootOrder: 0
  m_LocalEulerAnglesHint: {x: 0, y: 0, z: 0}
  m_AnchorMin: {x: 0, y: 0}
  m_AnchorMax: {x: 0, y: 0}
  m_AnchoredPosition: {x: 0, y: 0}
  m_SizeDelta: {x: 390.6, y: 448}
  m_Pivot: {x: 0.5, y: 0.5}
--- !u!222 &8059797665371374059
CanvasRenderer:
  m_ObjectHideFlags: 0
  m_CorrespondingSourceObject: {fileID: 0}
  m_PrefabInstance: {fileID: 0}
  m_PrefabAsset: {fileID: 0}
  m_GameObject: {fileID: 1842097701507375174}
  m_CullTransparentMesh: 0
--- !u!114 &5851514211131189948
MonoBehaviour:
  m_ObjectHideFlags: 0
  m_CorrespondingSourceObject: {fileID: 0}
  m_PrefabInstance: {fileID: 0}
  m_PrefabAsset: {fileID: 0}
  m_GameObject: {fileID: 1842097701507375174}
  m_Enabled: 1
  m_EditorHideFlags: 0
  m_Script: {fileID: 11500000, guid: fe87c0e1cc204ed48ad3b37840f39efc, type: 3}
  m_Name: 
  m_EditorClassIdentifier: 
  m_Material: {fileID: 0}
  m_Color: {r: 1, g: 1, b: 1, a: 1}
  m_RaycastTarget: 1
  m_OnCullStateChanged:
    m_PersistentCalls:
      m_Calls: []
    m_TypeName: UnityEngine.UI.MaskableGraphic+CullStateChangedEvent, UnityEngine.UI,
      Version=1.0.0.0, Culture=neutral, PublicKeyToken=null
  m_Sprite: {fileID: 21300000, guid: 5a6e8ae876e6f84469efc07dfbe1968a, type: 3}
  m_Type: 0
  m_PreserveAspect: 0
  m_FillCenter: 1
  m_FillMethod: 4
  m_FillAmount: 1
  m_FillClockwise: 1
  m_FillOrigin: 0
  m_UseSpriteMesh: 0
  m_PixelsPerUnitMultiplier: 1
--- !u!114 &2180052277183543108
MonoBehaviour:
  m_ObjectHideFlags: 0
  m_CorrespondingSourceObject: {fileID: 0}
  m_PrefabInstance: {fileID: 0}
  m_PrefabAsset: {fileID: 0}
  m_GameObject: {fileID: 1842097701507375174}
  m_Enabled: 1
  m_EditorHideFlags: 0
  m_Script: {fileID: 11500000, guid: d4675020ff266624f95f9157930c7e1a, type: 3}
  m_Name: 
  m_EditorClassIdentifier: 
--- !u!1 &2550235003789812852
GameObject:
  m_ObjectHideFlags: 0
  m_CorrespondingSourceObject: {fileID: 0}
  m_PrefabInstance: {fileID: 0}
  m_PrefabAsset: {fileID: 0}
  serializedVersion: 6
  m_Component:
  - component: {fileID: 5603694900530893413}
  - component: {fileID: 478267958620830088}
  - component: {fileID: 5347528923436778208}
  - component: {fileID: 8883972171431336598}
  m_Layer: 5
  m_Name: FeaturesContainer
  m_TagString: Untagged
  m_Icon: {fileID: 0}
  m_NavMeshLayer: 0
  m_StaticEditorFlags: 0
  m_IsActive: 1
--- !u!224 &5603694900530893413
RectTransform:
  m_ObjectHideFlags: 0
  m_CorrespondingSourceObject: {fileID: 0}
  m_PrefabInstance: {fileID: 0}
  m_PrefabAsset: {fileID: 0}
  m_GameObject: {fileID: 2550235003789812852}
  m_LocalRotation: {x: -0, y: -0, z: -0, w: 1}
  m_LocalPosition: {x: 0, y: 0, z: 0}
  m_LocalScale: {x: 1, y: 1, z: 1}
  m_Children: []
  m_Father: {fileID: 6378653737975583565}
  m_RootOrder: 3
  m_LocalEulerAnglesHint: {x: 0, y: 0, z: 0}
  m_AnchorMin: {x: 0, y: 0.5}
  m_AnchorMax: {x: 1, y: 0.5}
  m_AnchoredPosition: {x: 0, y: 80.8}
  m_SizeDelta: {x: 0, y: 243.92}
  m_Pivot: {x: 0.5, y: 0.5}
--- !u!222 &478267958620830088
CanvasRenderer:
  m_ObjectHideFlags: 0
  m_CorrespondingSourceObject: {fileID: 0}
  m_PrefabInstance: {fileID: 0}
  m_PrefabAsset: {fileID: 0}
  m_GameObject: {fileID: 2550235003789812852}
  m_CullTransparentMesh: 0
--- !u!114 &5347528923436778208
MonoBehaviour:
  m_ObjectHideFlags: 0
  m_CorrespondingSourceObject: {fileID: 0}
  m_PrefabInstance: {fileID: 0}
  m_PrefabAsset: {fileID: 0}
  m_GameObject: {fileID: 2550235003789812852}
  m_Enabled: 1
  m_EditorHideFlags: 0
  m_Script: {fileID: 11500000, guid: fe87c0e1cc204ed48ad3b37840f39efc, type: 3}
  m_Name: 
  m_EditorClassIdentifier: 
  m_Material: {fileID: 0}
  m_Color: {r: 1, g: 1, b: 1, a: 0}
  m_RaycastTarget: 0
  m_OnCullStateChanged:
    m_PersistentCalls:
      m_Calls: []
    m_TypeName: UnityEngine.UI.MaskableGraphic+CullStateChangedEvent, UnityEngine.UI,
      Version=1.0.0.0, Culture=neutral, PublicKeyToken=null
  m_Sprite: {fileID: 10907, guid: 0000000000000000f000000000000000, type: 0}
  m_Type: 1
  m_PreserveAspect: 0
  m_FillCenter: 1
  m_FillMethod: 4
  m_FillAmount: 1
  m_FillClockwise: 1
  m_FillOrigin: 0
  m_UseSpriteMesh: 0
  m_PixelsPerUnitMultiplier: 1
--- !u!114 &8883972171431336598
MonoBehaviour:
  m_ObjectHideFlags: 0
  m_CorrespondingSourceObject: {fileID: 0}
  m_PrefabInstance: {fileID: 0}
  m_PrefabAsset: {fileID: 0}
  m_GameObject: {fileID: 2550235003789812852}
  m_Enabled: 1
  m_EditorHideFlags: 0
  m_Script: {fileID: 11500000, guid: 30649d3a9faa99c48a7b1166b86bf2a0, type: 3}
  m_Name: 
  m_EditorClassIdentifier: 
  m_Padding:
    m_Left: 0
    m_Right: 0
    m_Top: 0
    m_Bottom: 0
  m_ChildAlignment: 7
  m_Spacing: 2
  m_ChildForceExpandWidth: 0
  m_ChildForceExpandHeight: 0
  m_ChildControlWidth: 0
  m_ChildControlHeight: 0
  m_ChildScaleWidth: 0
  m_ChildScaleHeight: 0
--- !u!1 &3662565329281951151
GameObject:
  m_ObjectHideFlags: 0
  m_CorrespondingSourceObject: {fileID: 0}
  m_PrefabInstance: {fileID: 0}
  m_PrefabAsset: {fileID: 0}
  serializedVersion: 6
  m_Component:
  - component: {fileID: 3650649046596213936}
  - component: {fileID: 6333413336945337553}
  - component: {fileID: 7918834277751953168}
  - component: {fileID: 4278150583484829771}
  m_Layer: 5
  m_Name: UnitsContainerLeft
  m_TagString: UnitsAreaLeft
  m_Icon: {fileID: 0}
  m_NavMeshLayer: 0
  m_StaticEditorFlags: 0
  m_IsActive: 1
--- !u!224 &3650649046596213936
RectTransform:
  m_ObjectHideFlags: 0
  m_CorrespondingSourceObject: {fileID: 0}
  m_PrefabInstance: {fileID: 0}
  m_PrefabAsset: {fileID: 0}
  m_GameObject: {fileID: 3662565329281951151}
  m_LocalRotation: {x: -0, y: -0, z: -0, w: 1}
  m_LocalPosition: {x: 0, y: 0, z: 0}
  m_LocalScale: {x: 1, y: 1, z: 1}
  m_Children: []
  m_Father: {fileID: 6782114091646581058}
  m_RootOrder: 0
  m_LocalEulerAnglesHint: {x: 0, y: 0, z: 0}
  m_AnchorMin: {x: 0, y: 0}
  m_AnchorMax: {x: 1, y: 1}
  m_AnchoredPosition: {x: 0, y: -0.5}
  m_SizeDelta: {x: 0, y: 1}
  m_Pivot: {x: 0.5, y: 0.5}
--- !u!222 &6333413336945337553
CanvasRenderer:
  m_ObjectHideFlags: 0
  m_CorrespondingSourceObject: {fileID: 0}
  m_PrefabInstance: {fileID: 0}
  m_PrefabAsset: {fileID: 0}
  m_GameObject: {fileID: 3662565329281951151}
  m_CullTransparentMesh: 0
--- !u!114 &7918834277751953168
MonoBehaviour:
  m_ObjectHideFlags: 0
  m_CorrespondingSourceObject: {fileID: 0}
  m_PrefabInstance: {fileID: 0}
  m_PrefabAsset: {fileID: 0}
  m_GameObject: {fileID: 3662565329281951151}
  m_Enabled: 1
  m_EditorHideFlags: 0
  m_Script: {fileID: 11500000, guid: 30649d3a9faa99c48a7b1166b86bf2a0, type: 3}
  m_Name: 
  m_EditorClassIdentifier: 
  m_Padding:
    m_Left: 0
    m_Right: 0
    m_Top: 0
    m_Bottom: 0
  m_ChildAlignment: 4
  m_Spacing: 10
  m_ChildForceExpandWidth: 0
  m_ChildForceExpandHeight: 0
  m_ChildControlWidth: 0
  m_ChildControlHeight: 0
  m_ChildScaleWidth: 0
  m_ChildScaleHeight: 0
--- !u!114 &4278150583484829771
MonoBehaviour:
  m_ObjectHideFlags: 0
  m_CorrespondingSourceObject: {fileID: 0}
  m_PrefabInstance: {fileID: 0}
  m_PrefabAsset: {fileID: 0}
  m_GameObject: {fileID: 3662565329281951151}
  m_Enabled: 1
  m_EditorHideFlags: 0
  m_Script: {fileID: 11500000, guid: fe87c0e1cc204ed48ad3b37840f39efc, type: 3}
  m_Name: 
  m_EditorClassIdentifier: 
  m_Material: {fileID: 0}
  m_Color: {r: 1, g: 1, b: 1, a: 0.003921569}
  m_RaycastTarget: 1
  m_OnCullStateChanged:
    m_PersistentCalls:
      m_Calls: []
    m_TypeName: UnityEngine.UI.MaskableGraphic+CullStateChangedEvent, UnityEngine.UI,
      Version=1.0.0.0, Culture=neutral, PublicKeyToken=null
  m_Sprite: {fileID: 0}
  m_Type: 0
  m_PreserveAspect: 0
  m_FillCenter: 1
  m_FillMethod: 4
  m_FillAmount: 1
  m_FillClockwise: 1
  m_FillOrigin: 0
  m_UseSpriteMesh: 0
  m_PixelsPerUnitMultiplier: 1
--- !u!1 &5419243345706939311
GameObject:
  m_ObjectHideFlags: 0
  m_CorrespondingSourceObject: {fileID: 0}
  m_PrefabInstance: {fileID: 0}
  m_PrefabAsset: {fileID: 0}
  serializedVersion: 6
  m_Component:
  - component: {fileID: 5205331690873226570}
  - component: {fileID: 7488357124623279608}
  - component: {fileID: 2811967442603223083}
  m_Layer: 5
  m_Name: Items
  m_TagString: Untagged
  m_Icon: {fileID: 0}
  m_NavMeshLayer: 0
  m_StaticEditorFlags: 0
  m_IsActive: 1
--- !u!224 &5205331690873226570
RectTransform:
  m_ObjectHideFlags: 0
  m_CorrespondingSourceObject: {fileID: 0}
  m_PrefabInstance: {fileID: 0}
  m_PrefabAsset: {fileID: 0}
  m_GameObject: {fileID: 5419243345706939311}
  m_LocalRotation: {x: 0, y: 0, z: 0, w: 1}
  m_LocalPosition: {x: 0, y: 0, z: 0}
  m_LocalScale: {x: 1.0059, y: 1.0059, z: 1.0059}
  m_Children: []
  m_Father: {fileID: 6378653737975583565}
  m_RootOrder: 4
  m_LocalEulerAnglesHint: {x: 0, y: 0, z: 0}
  m_AnchorMin: {x: 0, y: 0.5}
  m_AnchorMax: {x: 1, y: 0.5}
  m_AnchoredPosition: {x: 0, y: -120}
  m_SizeDelta: {x: 0, y: 44}
  m_Pivot: {x: 0.5, y: 0.5}
--- !u!222 &7488357124623279608
CanvasRenderer:
  m_ObjectHideFlags: 0
  m_CorrespondingSourceObject: {fileID: 0}
  m_PrefabInstance: {fileID: 0}
  m_PrefabAsset: {fileID: 0}
  m_GameObject: {fileID: 5419243345706939311}
  m_CullTransparentMesh: 0
--- !u!114 &2811967442603223083
MonoBehaviour:
  m_ObjectHideFlags: 0
  m_CorrespondingSourceObject: {fileID: 0}
  m_PrefabInstance: {fileID: 0}
  m_PrefabAsset: {fileID: 0}
  m_GameObject: {fileID: 5419243345706939311}
  m_Enabled: 1
  m_EditorHideFlags: 0
  m_Script: {fileID: 11500000, guid: 30649d3a9faa99c48a7b1166b86bf2a0, type: 3}
  m_Name: 
  m_EditorClassIdentifier: 
  m_Padding:
    m_Left: 0
    m_Right: 0
    m_Top: 0
    m_Bottom: 0
  m_ChildAlignment: 0
  m_Spacing: 0
  m_ChildForceExpandWidth: 0
  m_ChildForceExpandHeight: 0
  m_ChildControlWidth: 0
  m_ChildControlHeight: 0
  m_ChildScaleWidth: 0
  m_ChildScaleHeight: 0
--- !u!1 &5672584310510721654
GameObject:
  m_ObjectHideFlags: 0
  m_CorrespondingSourceObject: {fileID: 0}
  m_PrefabInstance: {fileID: 0}
  m_PrefabAsset: {fileID: 0}
  serializedVersion: 6
  m_Component:
  - component: {fileID: 6324870915295485510}
  - component: {fileID: 4203893354562598445}
  - component: {fileID: 8958367150966776727}
  m_Layer: 5
  m_Name: Ground
  m_TagString: Untagged
  m_Icon: {fileID: 0}
  m_NavMeshLayer: 0
  m_StaticEditorFlags: 0
  m_IsActive: 1
--- !u!224 &6324870915295485510
RectTransform:
  m_ObjectHideFlags: 0
  m_CorrespondingSourceObject: {fileID: 0}
  m_PrefabInstance: {fileID: 0}
  m_PrefabAsset: {fileID: 0}
  m_GameObject: {fileID: 5672584310510721654}
  m_LocalRotation: {x: 0, y: 0, z: 0, w: 1}
  m_LocalPosition: {x: 0, y: 0, z: 0}
  m_LocalScale: {x: 1, y: 1, z: 1}
  m_Children: []
  m_Father: {fileID: 6378653737975583565}
  m_RootOrder: 1
  m_LocalEulerAnglesHint: {x: 0, y: 0, z: 0}
  m_AnchorMin: {x: 0, y: 0}
  m_AnchorMax: {x: 1, y: 1}
  m_AnchoredPosition: {x: 0, y: -79.04999}
  m_SizeDelta: {x: 0, y: -158}
  m_Pivot: {x: 0.5, y: 0.5}
--- !u!222 &4203893354562598445
CanvasRenderer:
  m_ObjectHideFlags: 0
  m_CorrespondingSourceObject: {fileID: 0}
  m_PrefabInstance: {fileID: 0}
  m_PrefabAsset: {fileID: 0}
  m_GameObject: {fileID: 5672584310510721654}
  m_CullTransparentMesh: 0
--- !u!114 &8958367150966776727
MonoBehaviour:
  m_ObjectHideFlags: 0
  m_CorrespondingSourceObject: {fileID: 0}
  m_PrefabInstance: {fileID: 0}
  m_PrefabAsset: {fileID: 0}
  m_GameObject: {fileID: 5672584310510721654}
  m_Enabled: 1
  m_EditorHideFlags: 0
  m_Script: {fileID: 11500000, guid: fe87c0e1cc204ed48ad3b37840f39efc, type: 3}
  m_Name: 
  m_EditorClassIdentifier: 
  m_Material: {fileID: 0}
  m_Color: {r: 0.022739422, g: 0.6886792, b: 0.06276563, a: 0}
  m_RaycastTarget: 0
  m_OnCullStateChanged:
    m_PersistentCalls:
      m_Calls: []
    m_TypeName: UnityEngine.UI.MaskableGraphic+CullStateChangedEvent, UnityEngine.UI,
      Version=1.0.0.0, Culture=neutral, PublicKeyToken=null
  m_Sprite: {fileID: 10907, guid: 0000000000000000f000000000000000, type: 0}
  m_Type: 1
  m_PreserveAspect: 0
  m_FillCenter: 1
  m_FillMethod: 4
  m_FillAmount: 1
  m_FillClockwise: 1
  m_FillOrigin: 0
  m_UseSpriteMesh: 0
  m_PixelsPerUnitMultiplier: 1
--- !u!1 &6124700101705606967
GameObject:
  m_ObjectHideFlags: 0
  m_CorrespondingSourceObject: {fileID: 0}
  m_PrefabInstance: {fileID: 0}
  m_PrefabAsset: {fileID: 0}
  serializedVersion: 6
  m_Component:
  - component: {fileID: 3267942756055725581}
  - component: {fileID: 9160514578772385845}
  m_Layer: 5
  m_Name: ResourcesContainer
  m_TagString: Untagged
  m_Icon: {fileID: 0}
  m_NavMeshLayer: 0
  m_StaticEditorFlags: 0
  m_IsActive: 1
--- !u!224 &3267942756055725581
RectTransform:
  m_ObjectHideFlags: 0
  m_CorrespondingSourceObject: {fileID: 0}
  m_PrefabInstance: {fileID: 0}
  m_PrefabAsset: {fileID: 0}
  m_GameObject: {fileID: 6124700101705606967}
  m_LocalRotation: {x: 0, y: 0, z: 0, w: 1}
  m_LocalPosition: {x: 0, y: 0, z: 0}
  m_LocalScale: {x: 1, y: 1, z: 1}
  m_Children:
  - {fileID: 9140300200129903875}
  - {fileID: 8609763366633508931}
  - {fileID: 403847059344339936}
  - {fileID: 2952262675706464786}
  m_Father: {fileID: 6378653737975583565}
  m_RootOrder: 8
  m_LocalEulerAnglesHint: {x: 0, y: 0, z: 0}
  m_AnchorMin: {x: 0, y: 0}
  m_AnchorMax: {x: 1, y: 1}
  m_AnchoredPosition: {x: 0, y: -176.14}
  m_SizeDelta: {x: 0, y: -352.39}
  m_Pivot: {x: 0.5, y: 0.5}
--- !u!222 &9160514578772385845
CanvasRenderer:
  m_ObjectHideFlags: 0
  m_CorrespondingSourceObject: {fileID: 0}
  m_PrefabInstance: {fileID: 0}
  m_PrefabAsset: {fileID: 0}
  m_GameObject: {fileID: 6124700101705606967}
  m_CullTransparentMesh: 0
--- !u!1 &7541753938390376646
GameObject:
  m_ObjectHideFlags: 0
  m_CorrespondingSourceObject: {fileID: 0}
  m_PrefabInstance: {fileID: 0}
  m_PrefabAsset: {fileID: 0}
  serializedVersion: 6
  m_Component:
  - component: {fileID: 6782114091646581058}
  - component: {fileID: 8018264877424704274}
  - component: {fileID: 7509600263639858164}
  m_Layer: 5
  m_Name: ActionArea
  m_TagString: Untagged
  m_Icon: {fileID: 0}
  m_NavMeshLayer: 0
  m_StaticEditorFlags: 0
  m_IsActive: 1
--- !u!224 &6782114091646581058
RectTransform:
  m_ObjectHideFlags: 0
  m_CorrespondingSourceObject: {fileID: 0}
  m_PrefabInstance: {fileID: 0}
  m_PrefabAsset: {fileID: 0}
  m_GameObject: {fileID: 7541753938390376646}
  m_LocalRotation: {x: 0, y: 0, z: 0, w: 1}
  m_LocalPosition: {x: 0, y: 0, z: 0}
  m_LocalScale: {x: 1, y: 1, z: 1}
  m_Children:
  - {fileID: 3650649046596213936}
  - {fileID: 1093214249116328863}
  m_Father: {fileID: 6378653737975583565}
  m_RootOrder: 2
  m_LocalEulerAnglesHint: {x: 0, y: 0, z: 0}
  m_AnchorMin: {x: 0, y: 0}
  m_AnchorMax: {x: 1, y: 1}
  m_AnchoredPosition: {x: 0, y: -64}
  m_SizeDelta: {x: 0, y: -366.72}
  m_Pivot: {x: 0.5, y: 0.5}
--- !u!222 &8018264877424704274
CanvasRenderer:
  m_ObjectHideFlags: 0
  m_CorrespondingSourceObject: {fileID: 0}
  m_PrefabInstance: {fileID: 0}
  m_PrefabAsset: {fileID: 0}
  m_GameObject: {fileID: 7541753938390376646}
  m_CullTransparentMesh: 0
--- !u!114 &7509600263639858164
MonoBehaviour:
  m_ObjectHideFlags: 0
  m_CorrespondingSourceObject: {fileID: 0}
  m_PrefabInstance: {fileID: 0}
  m_PrefabAsset: {fileID: 0}
  m_GameObject: {fileID: 7541753938390376646}
  m_Enabled: 1
  m_EditorHideFlags: 0
  m_Script: {fileID: 11500000, guid: fe87c0e1cc204ed48ad3b37840f39efc, type: 3}
  m_Name: 
  m_EditorClassIdentifier: 
  m_Material: {fileID: 0}
  m_Color: {r: 1, g: 1, b: 1, a: 0}
  m_RaycastTarget: 0
  m_OnCullStateChanged:
    m_PersistentCalls:
      m_Calls: []
    m_TypeName: UnityEngine.UI.MaskableGraphic+CullStateChangedEvent, UnityEngine.UI,
      Version=1.0.0.0, Culture=neutral, PublicKeyToken=null
  m_Sprite: {fileID: 10907, guid: 0000000000000000f000000000000000, type: 0}
  m_Type: 1
  m_PreserveAspect: 0
  m_FillCenter: 1
  m_FillMethod: 4
  m_FillAmount: 1
  m_FillClockwise: 1
  m_FillOrigin: 0
  m_UseSpriteMesh: 0
  m_PixelsPerUnitMultiplier: 1
--- !u!1 &8205221818499819949
GameObject:
  m_ObjectHideFlags: 0
  m_CorrespondingSourceObject: {fileID: 0}
  m_PrefabInstance: {fileID: 0}
  m_PrefabAsset: {fileID: 0}
  serializedVersion: 6
  m_Component:
  - component: {fileID: 1093214249116328863}
  - component: {fileID: 4813853222158310901}
  - component: {fileID: 5081380377762852760}
  - component: {fileID: 1045026282902631607}
  m_Layer: 5
  m_Name: UnitsContainerRight
  m_TagString: UnitsAreaRight
  m_Icon: {fileID: 0}
  m_NavMeshLayer: 0
  m_StaticEditorFlags: 0
  m_IsActive: 1
--- !u!224 &1093214249116328863
RectTransform:
  m_ObjectHideFlags: 0
  m_CorrespondingSourceObject: {fileID: 0}
  m_PrefabInstance: {fileID: 0}
  m_PrefabAsset: {fileID: 0}
  m_GameObject: {fileID: 8205221818499819949}
  m_LocalRotation: {x: -0, y: -0, z: -0, w: 1}
  m_LocalPosition: {x: 0, y: 0, z: 0}
  m_LocalScale: {x: 1, y: 1, z: 1}
  m_Children: []
  m_Father: {fileID: 6782114091646581058}
  m_RootOrder: 1
  m_LocalEulerAnglesHint: {x: 0, y: 0, z: 0}
  m_AnchorMin: {x: 0, y: 0}
  m_AnchorMax: {x: 1, y: 1}
  m_AnchoredPosition: {x: 75, y: -0.13999939}
  m_SizeDelta: {x: -150, y: 0.28}
  m_Pivot: {x: 0.5, y: 0.5}
--- !u!222 &4813853222158310901
CanvasRenderer:
  m_ObjectHideFlags: 0
  m_CorrespondingSourceObject: {fileID: 0}
  m_PrefabInstance: {fileID: 0}
  m_PrefabAsset: {fileID: 0}
  m_GameObject: {fileID: 8205221818499819949}
  m_CullTransparentMesh: 0
--- !u!114 &5081380377762852760
MonoBehaviour:
  m_ObjectHideFlags: 0
  m_CorrespondingSourceObject: {fileID: 0}
  m_PrefabInstance: {fileID: 0}
  m_PrefabAsset: {fileID: 0}
  m_GameObject: {fileID: 8205221818499819949}
  m_Enabled: 1
  m_EditorHideFlags: 0
  m_Script: {fileID: 11500000, guid: 30649d3a9faa99c48a7b1166b86bf2a0, type: 3}
  m_Name: 
  m_EditorClassIdentifier: 
  m_Padding:
    m_Left: 0
    m_Right: 0
    m_Top: 0
    m_Bottom: 0
  m_ChildAlignment: 4
  m_Spacing: 10
  m_ChildForceExpandWidth: 0
  m_ChildForceExpandHeight: 0
  m_ChildControlWidth: 0
  m_ChildControlHeight: 0
  m_ChildScaleWidth: 0
  m_ChildScaleHeight: 0
--- !u!114 &1045026282902631607
MonoBehaviour:
  m_ObjectHideFlags: 0
  m_CorrespondingSourceObject: {fileID: 0}
  m_PrefabInstance: {fileID: 0}
  m_PrefabAsset: {fileID: 0}
  m_GameObject: {fileID: 8205221818499819949}
  m_Enabled: 1
  m_EditorHideFlags: 0
  m_Script: {fileID: 11500000, guid: fe87c0e1cc204ed48ad3b37840f39efc, type: 3}
  m_Name: 
  m_EditorClassIdentifier: 
  m_Material: {fileID: 0}
  m_Color: {r: 1, g: 1, b: 1, a: 0.003921569}
  m_RaycastTarget: 1
  m_OnCullStateChanged:
    m_PersistentCalls:
      m_Calls: []
    m_TypeName: UnityEngine.UI.MaskableGraphic+CullStateChangedEvent, UnityEngine.UI,
      Version=1.0.0.0, Culture=neutral, PublicKeyToken=null
  m_Sprite: {fileID: 0}
  m_Type: 0
  m_PreserveAspect: 0
  m_FillCenter: 1
  m_FillMethod: 4
  m_FillAmount: 1
  m_FillClockwise: 1
  m_FillOrigin: 0
  m_UseSpriteMesh: 0
  m_PixelsPerUnitMultiplier: 1
--- !u!1001 &42804474350705566
PrefabInstance:
  m_ObjectHideFlags: 0
  serializedVersion: 2
  m_Modification:
    m_TransformParent: {fileID: 3267942756055725581}
    m_Modifications:
    - target: {fileID: 7509423887252632280, guid: aa2edb25ed39a654ba23c7969defe69e,
        type: 3}
      propertyPath: m_Name
      value: ResourceIndicator_2
      objectReference: {fileID: 0}
    - target: {fileID: 8639052366481722333, guid: aa2edb25ed39a654ba23c7969defe69e,
        type: 3}
      propertyPath: m_LocalPosition.x
      value: 0
      objectReference: {fileID: 0}
    - target: {fileID: 8639052366481722333, guid: aa2edb25ed39a654ba23c7969defe69e,
        type: 3}
      propertyPath: m_LocalPosition.y
      value: 0
      objectReference: {fileID: 0}
    - target: {fileID: 8639052366481722333, guid: aa2edb25ed39a654ba23c7969defe69e,
        type: 3}
      propertyPath: m_LocalPosition.z
      value: 0
      objectReference: {fileID: 0}
    - target: {fileID: 8639052366481722333, guid: aa2edb25ed39a654ba23c7969defe69e,
        type: 3}
      propertyPath: m_LocalRotation.x
      value: 0
      objectReference: {fileID: 0}
    - target: {fileID: 8639052366481722333, guid: aa2edb25ed39a654ba23c7969defe69e,
        type: 3}
      propertyPath: m_LocalRotation.y
      value: 0
      objectReference: {fileID: 0}
    - target: {fileID: 8639052366481722333, guid: aa2edb25ed39a654ba23c7969defe69e,
        type: 3}
      propertyPath: m_LocalRotation.z
      value: 0
      objectReference: {fileID: 0}
    - target: {fileID: 8639052366481722333, guid: aa2edb25ed39a654ba23c7969defe69e,
        type: 3}
      propertyPath: m_LocalRotation.w
      value: 1
      objectReference: {fileID: 0}
    - target: {fileID: 8639052366481722333, guid: aa2edb25ed39a654ba23c7969defe69e,
        type: 3}
      propertyPath: m_RootOrder
      value: 1
      objectReference: {fileID: 0}
    - target: {fileID: 8639052366481722333, guid: aa2edb25ed39a654ba23c7969defe69e,
        type: 3}
      propertyPath: m_LocalEulerAnglesHint.x
      value: 0
      objectReference: {fileID: 0}
    - target: {fileID: 8639052366481722333, guid: aa2edb25ed39a654ba23c7969defe69e,
        type: 3}
      propertyPath: m_LocalEulerAnglesHint.y
      value: 0
      objectReference: {fileID: 0}
    - target: {fileID: 8639052366481722333, guid: aa2edb25ed39a654ba23c7969defe69e,
        type: 3}
      propertyPath: m_LocalEulerAnglesHint.z
      value: 0
      objectReference: {fileID: 0}
    - target: {fileID: 8639052366481722333, guid: aa2edb25ed39a654ba23c7969defe69e,
        type: 3}
      propertyPath: m_AnchoredPosition.x
      value: -105.38
      objectReference: {fileID: 0}
    - target: {fileID: 8639052366481722333, guid: aa2edb25ed39a654ba23c7969defe69e,
        type: 3}
      propertyPath: m_AnchoredPosition.y
      value: -9.9
      objectReference: {fileID: 0}
    - target: {fileID: 8639052366481722333, guid: aa2edb25ed39a654ba23c7969defe69e,
        type: 3}
      propertyPath: m_SizeDelta.x
      value: 57.72
      objectReference: {fileID: 0}
    - target: {fileID: 8639052366481722333, guid: aa2edb25ed39a654ba23c7969defe69e,
        type: 3}
      propertyPath: m_SizeDelta.y
      value: 44.97
      objectReference: {fileID: 0}
    - target: {fileID: 8639052366481722333, guid: aa2edb25ed39a654ba23c7969defe69e,
        type: 3}
      propertyPath: m_AnchorMin.x
      value: 0.5
      objectReference: {fileID: 0}
    - target: {fileID: 8639052366481722333, guid: aa2edb25ed39a654ba23c7969defe69e,
        type: 3}
      propertyPath: m_AnchorMin.y
      value: 0.5
      objectReference: {fileID: 0}
    - target: {fileID: 8639052366481722333, guid: aa2edb25ed39a654ba23c7969defe69e,
        type: 3}
      propertyPath: m_AnchorMax.x
      value: 0.5
      objectReference: {fileID: 0}
    - target: {fileID: 8639052366481722333, guid: aa2edb25ed39a654ba23c7969defe69e,
        type: 3}
      propertyPath: m_AnchorMax.y
      value: 0.5
      objectReference: {fileID: 0}
    - target: {fileID: 8639052366481722333, guid: aa2edb25ed39a654ba23c7969defe69e,
        type: 3}
      propertyPath: m_Pivot.x
      value: 0.5
      objectReference: {fileID: 0}
    - target: {fileID: 8639052366481722333, guid: aa2edb25ed39a654ba23c7969defe69e,
        type: 3}
      propertyPath: m_Pivot.y
      value: 0.5
      objectReference: {fileID: 0}
    m_RemovedComponents: []
  m_SourcePrefab: {fileID: 100100000, guid: aa2edb25ed39a654ba23c7969defe69e, type: 3}
--- !u!224 &8609763366633508931 stripped
RectTransform:
  m_CorrespondingSourceObject: {fileID: 8639052366481722333, guid: aa2edb25ed39a654ba23c7969defe69e,
    type: 3}
  m_PrefabInstance: {fileID: 42804474350705566}
  m_PrefabAsset: {fileID: 0}
--- !u!1001 &665629778527172318
PrefabInstance:
  m_ObjectHideFlags: 0
  serializedVersion: 2
  m_Modification:
    m_TransformParent: {fileID: 3267942756055725581}
    m_Modifications:
    - target: {fileID: 7509423887252632280, guid: aa2edb25ed39a654ba23c7969defe69e,
        type: 3}
      propertyPath: m_Name
      value: ResourceIndicator_1
      objectReference: {fileID: 0}
    - target: {fileID: 8639052366481722333, guid: aa2edb25ed39a654ba23c7969defe69e,
        type: 3}
      propertyPath: m_LocalPosition.x
      value: 0
      objectReference: {fileID: 0}
    - target: {fileID: 8639052366481722333, guid: aa2edb25ed39a654ba23c7969defe69e,
        type: 3}
      propertyPath: m_LocalPosition.y
      value: 0
      objectReference: {fileID: 0}
    - target: {fileID: 8639052366481722333, guid: aa2edb25ed39a654ba23c7969defe69e,
        type: 3}
      propertyPath: m_LocalPosition.z
      value: 0
      objectReference: {fileID: 0}
    - target: {fileID: 8639052366481722333, guid: aa2edb25ed39a654ba23c7969defe69e,
        type: 3}
      propertyPath: m_LocalRotation.x
      value: -0
      objectReference: {fileID: 0}
    - target: {fileID: 8639052366481722333, guid: aa2edb25ed39a654ba23c7969defe69e,
        type: 3}
      propertyPath: m_LocalRotation.y
      value: -0
      objectReference: {fileID: 0}
    - target: {fileID: 8639052366481722333, guid: aa2edb25ed39a654ba23c7969defe69e,
        type: 3}
      propertyPath: m_LocalRotation.z
      value: -0
      objectReference: {fileID: 0}
    - target: {fileID: 8639052366481722333, guid: aa2edb25ed39a654ba23c7969defe69e,
        type: 3}
      propertyPath: m_LocalRotation.w
      value: 1
      objectReference: {fileID: 0}
    - target: {fileID: 8639052366481722333, guid: aa2edb25ed39a654ba23c7969defe69e,
        type: 3}
      propertyPath: m_RootOrder
      value: 0
      objectReference: {fileID: 0}
    - target: {fileID: 8639052366481722333, guid: aa2edb25ed39a654ba23c7969defe69e,
        type: 3}
      propertyPath: m_LocalEulerAnglesHint.x
      value: 0
      objectReference: {fileID: 0}
    - target: {fileID: 8639052366481722333, guid: aa2edb25ed39a654ba23c7969defe69e,
        type: 3}
      propertyPath: m_LocalEulerAnglesHint.y
      value: 0
      objectReference: {fileID: 0}
    - target: {fileID: 8639052366481722333, guid: aa2edb25ed39a654ba23c7969defe69e,
        type: 3}
      propertyPath: m_LocalEulerAnglesHint.z
      value: 0
      objectReference: {fileID: 0}
    - target: {fileID: 8639052366481722333, guid: aa2edb25ed39a654ba23c7969defe69e,
        type: 3}
      propertyPath: m_AnchoredPosition.x
      value: -163.1
      objectReference: {fileID: 0}
    - target: {fileID: 8639052366481722333, guid: aa2edb25ed39a654ba23c7969defe69e,
        type: 3}
      propertyPath: m_AnchoredPosition.y
      value: -22.485
      objectReference: {fileID: 0}
    - target: {fileID: 8639052366481722333, guid: aa2edb25ed39a654ba23c7969defe69e,
        type: 3}
      propertyPath: m_SizeDelta.x
      value: 57.72
      objectReference: {fileID: 0}
    - target: {fileID: 8639052366481722333, guid: aa2edb25ed39a654ba23c7969defe69e,
        type: 3}
      propertyPath: m_SizeDelta.y
      value: 44.97
      objectReference: {fileID: 0}
    - target: {fileID: 8639052366481722333, guid: aa2edb25ed39a654ba23c7969defe69e,
        type: 3}
      propertyPath: m_AnchorMin.x
      value: 0.5
      objectReference: {fileID: 0}
    - target: {fileID: 8639052366481722333, guid: aa2edb25ed39a654ba23c7969defe69e,
        type: 3}
      propertyPath: m_AnchorMin.y
      value: 0.5
      objectReference: {fileID: 0}
    - target: {fileID: 8639052366481722333, guid: aa2edb25ed39a654ba23c7969defe69e,
        type: 3}
      propertyPath: m_AnchorMax.x
      value: 0.5
      objectReference: {fileID: 0}
    - target: {fileID: 8639052366481722333, guid: aa2edb25ed39a654ba23c7969defe69e,
        type: 3}
      propertyPath: m_AnchorMax.y
      value: 0.5
      objectReference: {fileID: 0}
    - target: {fileID: 8639052366481722333, guid: aa2edb25ed39a654ba23c7969defe69e,
        type: 3}
      propertyPath: m_Pivot.x
      value: 0.5
      objectReference: {fileID: 0}
    - target: {fileID: 8639052366481722333, guid: aa2edb25ed39a654ba23c7969defe69e,
        type: 3}
      propertyPath: m_Pivot.y
      value: 0.5
      objectReference: {fileID: 0}
    m_RemovedComponents: []
  m_SourcePrefab: {fileID: 100100000, guid: aa2edb25ed39a654ba23c7969defe69e, type: 3}
--- !u!224 &9140300200129903875 stripped
RectTransform:
  m_CorrespondingSourceObject: {fileID: 8639052366481722333, guid: aa2edb25ed39a654ba23c7969defe69e,
    type: 3}
  m_PrefabInstance: {fileID: 665629778527172318}
  m_PrefabAsset: {fileID: 0}
--- !u!1001 &1327492928405360176
PrefabInstance:
  m_ObjectHideFlags: 0
  serializedVersion: 2
  m_Modification:
    m_TransformParent: {fileID: 6378653737975583565}
    m_Modifications:
    - target: {fileID: 6140700441740160161, guid: 300d1f8765f92944e94cffd522ce181d,
        type: 3}
      propertyPath: m_Name
      value: Exploration
      objectReference: {fileID: 0}
    - target: {fileID: 8135137671277837479, guid: 300d1f8765f92944e94cffd522ce181d,
        type: 3}
      propertyPath: m_LocalPosition.x
      value: 0
      objectReference: {fileID: 0}
    - target: {fileID: 8135137671277837479, guid: 300d1f8765f92944e94cffd522ce181d,
        type: 3}
      propertyPath: m_LocalPosition.y
      value: 0
      objectReference: {fileID: 0}
    - target: {fileID: 8135137671277837479, guid: 300d1f8765f92944e94cffd522ce181d,
        type: 3}
      propertyPath: m_LocalPosition.z
      value: 0
      objectReference: {fileID: 0}
    - target: {fileID: 8135137671277837479, guid: 300d1f8765f92944e94cffd522ce181d,
        type: 3}
      propertyPath: m_LocalRotation.x
      value: -0
      objectReference: {fileID: 0}
    - target: {fileID: 8135137671277837479, guid: 300d1f8765f92944e94cffd522ce181d,
        type: 3}
      propertyPath: m_LocalRotation.y
      value: -0
      objectReference: {fileID: 0}
    - target: {fileID: 8135137671277837479, guid: 300d1f8765f92944e94cffd522ce181d,
        type: 3}
      propertyPath: m_LocalRotation.z
      value: -0
      objectReference: {fileID: 0}
    - target: {fileID: 8135137671277837479, guid: 300d1f8765f92944e94cffd522ce181d,
        type: 3}
      propertyPath: m_LocalRotation.w
      value: 1
      objectReference: {fileID: 0}
    - target: {fileID: 8135137671277837479, guid: 300d1f8765f92944e94cffd522ce181d,
        type: 3}
      propertyPath: m_RootOrder
      value: 7
      objectReference: {fileID: 0}
    - target: {fileID: 8135137671277837479, guid: 300d1f8765f92944e94cffd522ce181d,
        type: 3}
      propertyPath: m_LocalEulerAnglesHint.x
      value: 0
      objectReference: {fileID: 0}
    - target: {fileID: 8135137671277837479, guid: 300d1f8765f92944e94cffd522ce181d,
        type: 3}
      propertyPath: m_LocalEulerAnglesHint.y
      value: 0
      objectReference: {fileID: 0}
    - target: {fileID: 8135137671277837479, guid: 300d1f8765f92944e94cffd522ce181d,
        type: 3}
      propertyPath: m_LocalEulerAnglesHint.z
      value: 0
      objectReference: {fileID: 0}
    - target: {fileID: 8135137671277837479, guid: 300d1f8765f92944e94cffd522ce181d,
        type: 3}
      propertyPath: m_AnchoredPosition.x
      value: 0
      objectReference: {fileID: 0}
    - target: {fileID: 8135137671277837479, guid: 300d1f8765f92944e94cffd522ce181d,
        type: 3}
      propertyPath: m_AnchoredPosition.y
      value: -156
      objectReference: {fileID: 0}
    - target: {fileID: 8135137671277837479, guid: 300d1f8765f92944e94cffd522ce181d,
        type: 3}
      propertyPath: m_SizeDelta.x
      value: 700
      objectReference: {fileID: 0}
    - target: {fileID: 8135137671277837479, guid: 300d1f8765f92944e94cffd522ce181d,
        type: 3}
      propertyPath: m_SizeDelta.y
      value: 182.73
      objectReference: {fileID: 0}
    - target: {fileID: 8135137671277837479, guid: 300d1f8765f92944e94cffd522ce181d,
        type: 3}
      propertyPath: m_AnchorMin.x
      value: 0
      objectReference: {fileID: 0}
    - target: {fileID: 8135137671277837479, guid: 300d1f8765f92944e94cffd522ce181d,
        type: 3}
      propertyPath: m_AnchorMin.y
      value: 1
      objectReference: {fileID: 0}
    - target: {fileID: 8135137671277837479, guid: 300d1f8765f92944e94cffd522ce181d,
        type: 3}
      propertyPath: m_AnchorMax.x
      value: 1
      objectReference: {fileID: 0}
    - target: {fileID: 8135137671277837479, guid: 300d1f8765f92944e94cffd522ce181d,
        type: 3}
      propertyPath: m_AnchorMax.y
      value: 1
      objectReference: {fileID: 0}
    - target: {fileID: 8135137671277837479, guid: 300d1f8765f92944e94cffd522ce181d,
        type: 3}
      propertyPath: m_Pivot.x
      value: 0.5
      objectReference: {fileID: 0}
    - target: {fileID: 8135137671277837479, guid: 300d1f8765f92944e94cffd522ce181d,
        type: 3}
      propertyPath: m_Pivot.y
      value: 0.5
      objectReference: {fileID: 0}
    - target: {fileID: 8135137671277837479, guid: 300d1f8765f92944e94cffd522ce181d,
        type: 3}
      propertyPath: m_LocalScale.x
      value: 0.3
      objectReference: {fileID: 0}
    - target: {fileID: 8135137671277837479, guid: 300d1f8765f92944e94cffd522ce181d,
        type: 3}
      propertyPath: m_LocalScale.y
      value: 0.3
      objectReference: {fileID: 0}
    - target: {fileID: 2770111821397698219, guid: 300d1f8765f92944e94cffd522ce181d,
        type: 3}
      propertyPath: m_Text
      value: 
      objectReference: {fileID: 0}
    m_RemovedComponents: []
  m_SourcePrefab: {fileID: 100100000, guid: 300d1f8765f92944e94cffd522ce181d, type: 3}
--- !u!224 &7100456240665866903 stripped
RectTransform:
  m_CorrespondingSourceObject: {fileID: 8135137671277837479, guid: 300d1f8765f92944e94cffd522ce181d,
    type: 3}
  m_PrefabInstance: {fileID: 1327492928405360176}
  m_PrefabAsset: {fileID: 0}
--- !u!1001 &3036526102817899375
PrefabInstance:
  m_ObjectHideFlags: 0
  serializedVersion: 2
  m_Modification:
    m_TransformParent: {fileID: 6378653737975583565}
    m_Modifications:
    - target: {fileID: 6140700441740160161, guid: 300d1f8765f92944e94cffd522ce181d,
        type: 3}
      propertyPath: m_Name
      value: Resources
      objectReference: {fileID: 0}
    - target: {fileID: 6140700441740160161, guid: 300d1f8765f92944e94cffd522ce181d,
        type: 3}
      propertyPath: m_TagString
      value: PlatformResources
      objectReference: {fileID: 0}
    - target: {fileID: 8135137671277837479, guid: 300d1f8765f92944e94cffd522ce181d,
        type: 3}
      propertyPath: m_LocalPosition.x
      value: 0
      objectReference: {fileID: 0}
    - target: {fileID: 8135137671277837479, guid: 300d1f8765f92944e94cffd522ce181d,
        type: 3}
      propertyPath: m_LocalPosition.y
      value: 0
      objectReference: {fileID: 0}
    - target: {fileID: 8135137671277837479, guid: 300d1f8765f92944e94cffd522ce181d,
        type: 3}
      propertyPath: m_LocalPosition.z
      value: 0
      objectReference: {fileID: 0}
    - target: {fileID: 8135137671277837479, guid: 300d1f8765f92944e94cffd522ce181d,
        type: 3}
      propertyPath: m_LocalRotation.x
      value: 0
      objectReference: {fileID: 0}
    - target: {fileID: 8135137671277837479, guid: 300d1f8765f92944e94cffd522ce181d,
        type: 3}
      propertyPath: m_LocalRotation.y
      value: 0
      objectReference: {fileID: 0}
    - target: {fileID: 8135137671277837479, guid: 300d1f8765f92944e94cffd522ce181d,
        type: 3}
      propertyPath: m_LocalRotation.z
      value: 0
      objectReference: {fileID: 0}
    - target: {fileID: 8135137671277837479, guid: 300d1f8765f92944e94cffd522ce181d,
        type: 3}
      propertyPath: m_LocalRotation.w
      value: 1
      objectReference: {fileID: 0}
    - target: {fileID: 8135137671277837479, guid: 300d1f8765f92944e94cffd522ce181d,
        type: 3}
      propertyPath: m_RootOrder
      value: 5
      objectReference: {fileID: 0}
    - target: {fileID: 8135137671277837479, guid: 300d1f8765f92944e94cffd522ce181d,
        type: 3}
      propertyPath: m_LocalEulerAnglesHint.x
      value: 0
      objectReference: {fileID: 0}
    - target: {fileID: 8135137671277837479, guid: 300d1f8765f92944e94cffd522ce181d,
        type: 3}
      propertyPath: m_LocalEulerAnglesHint.y
      value: 0
      objectReference: {fileID: 0}
    - target: {fileID: 8135137671277837479, guid: 300d1f8765f92944e94cffd522ce181d,
        type: 3}
      propertyPath: m_LocalEulerAnglesHint.z
      value: 0
      objectReference: {fileID: 0}
    - target: {fileID: 8135137671277837479, guid: 300d1f8765f92944e94cffd522ce181d,
        type: 3}
      propertyPath: m_AnchoredPosition.x
      value: 0
      objectReference: {fileID: 0}
    - target: {fileID: 8135137671277837479, guid: 300d1f8765f92944e94cffd522ce181d,
        type: 3}
      propertyPath: m_AnchoredPosition.y
      value: -181.23
      objectReference: {fileID: 0}
    - target: {fileID: 8135137671277837479, guid: 300d1f8765f92944e94cffd522ce181d,
        type: 3}
      propertyPath: m_SizeDelta.x
      value: 900
      objectReference: {fileID: 0}
    - target: {fileID: 8135137671277837479, guid: 300d1f8765f92944e94cffd522ce181d,
        type: 3}
      propertyPath: m_SizeDelta.y
      value: 342.52
      objectReference: {fileID: 0}
    - target: {fileID: 8135137671277837479, guid: 300d1f8765f92944e94cffd522ce181d,
        type: 3}
      propertyPath: m_AnchorMin.x
      value: 0
      objectReference: {fileID: 0}
    - target: {fileID: 8135137671277837479, guid: 300d1f8765f92944e94cffd522ce181d,
        type: 3}
      propertyPath: m_AnchorMin.y
      value: 0.5
      objectReference: {fileID: 0}
    - target: {fileID: 8135137671277837479, guid: 300d1f8765f92944e94cffd522ce181d,
        type: 3}
      propertyPath: m_AnchorMax.x
      value: 1
      objectReference: {fileID: 0}
    - target: {fileID: 8135137671277837479, guid: 300d1f8765f92944e94cffd522ce181d,
        type: 3}
      propertyPath: m_AnchorMax.y
      value: 0.5
      objectReference: {fileID: 0}
    - target: {fileID: 8135137671277837479, guid: 300d1f8765f92944e94cffd522ce181d,
        type: 3}
      propertyPath: m_Pivot.x
      value: 0.5
      objectReference: {fileID: 0}
    - target: {fileID: 8135137671277837479, guid: 300d1f8765f92944e94cffd522ce181d,
        type: 3}
      propertyPath: m_Pivot.y
      value: 0.5
      objectReference: {fileID: 0}
    - target: {fileID: 8135137671277837479, guid: 300d1f8765f92944e94cffd522ce181d,
        type: 3}
      propertyPath: m_LocalScale.x
      value: 0.25
      objectReference: {fileID: 0}
    - target: {fileID: 8135137671277837479, guid: 300d1f8765f92944e94cffd522ce181d,
        type: 3}
      propertyPath: m_LocalScale.y
      value: 0.25
      objectReference: {fileID: 0}
    - target: {fileID: 2770111821397698219, guid: 300d1f8765f92944e94cffd522ce181d,
        type: 3}
      propertyPath: m_FontData.m_FontSize
      value: 100
      objectReference: {fileID: 0}
    - target: {fileID: 2770111821397698219, guid: 300d1f8765f92944e94cffd522ce181d,
        type: 3}
      propertyPath: m_FontData.m_MaxSize
      value: 300
      objectReference: {fileID: 0}
    - target: {fileID: 2770111821397698219, guid: 300d1f8765f92944e94cffd522ce181d,
        type: 3}
      propertyPath: m_Text
      value: 
      objectReference: {fileID: 0}
    - target: {fileID: 2770111821397698219, guid: 300d1f8765f92944e94cffd522ce181d,
        type: 3}
      propertyPath: m_RaycastTarget
      value: 1
      objectReference: {fileID: 0}
    - target: {fileID: 2554087207498298531, guid: 300d1f8765f92944e94cffd522ce181d,
        type: 3}
      propertyPath: m_CullTransparentMesh
      value: 0
      objectReference: {fileID: 0}
    m_RemovedComponents: []
  m_SourcePrefab: {fileID: 100100000, guid: 300d1f8765f92944e94cffd522ce181d, type: 3}
--- !u!224 &6540978158596816840 stripped
RectTransform:
  m_CorrespondingSourceObject: {fileID: 8135137671277837479, guid: 300d1f8765f92944e94cffd522ce181d,
    type: 3}
  m_PrefabInstance: {fileID: 3036526102817899375}
  m_PrefabAsset: {fileID: 0}
--- !u!1001 &6647332866780972386
PrefabInstance:
  m_ObjectHideFlags: 0
  serializedVersion: 2
  m_Modification:
    m_TransformParent: {fileID: 6378653737975583565}
    m_Modifications:
    - target: {fileID: 6140700441740160161, guid: 300d1f8765f92944e94cffd522ce181d,
        type: 3}
      propertyPath: m_Name
      value: PlatformKind
      objectReference: {fileID: 0}
    - target: {fileID: 8135137671277837479, guid: 300d1f8765f92944e94cffd522ce181d,
        type: 3}
      propertyPath: m_LocalPosition.x
      value: 0
      objectReference: {fileID: 0}
    - target: {fileID: 8135137671277837479, guid: 300d1f8765f92944e94cffd522ce181d,
        type: 3}
      propertyPath: m_LocalPosition.y
      value: 0
      objectReference: {fileID: 0}
    - target: {fileID: 8135137671277837479, guid: 300d1f8765f92944e94cffd522ce181d,
        type: 3}
      propertyPath: m_LocalPosition.z
      value: 0
      objectReference: {fileID: 0}
    - target: {fileID: 8135137671277837479, guid: 300d1f8765f92944e94cffd522ce181d,
        type: 3}
      propertyPath: m_LocalRotation.x
      value: -0
      objectReference: {fileID: 0}
    - target: {fileID: 8135137671277837479, guid: 300d1f8765f92944e94cffd522ce181d,
        type: 3}
      propertyPath: m_LocalRotation.y
      value: -0
      objectReference: {fileID: 0}
    - target: {fileID: 8135137671277837479, guid: 300d1f8765f92944e94cffd522ce181d,
        type: 3}
      propertyPath: m_LocalRotation.z
      value: -0
      objectReference: {fileID: 0}
    - target: {fileID: 8135137671277837479, guid: 300d1f8765f92944e94cffd522ce181d,
        type: 3}
      propertyPath: m_LocalRotation.w
      value: 1
      objectReference: {fileID: 0}
    - target: {fileID: 8135137671277837479, guid: 300d1f8765f92944e94cffd522ce181d,
        type: 3}
      propertyPath: m_RootOrder
      value: 6
      objectReference: {fileID: 0}
    - target: {fileID: 8135137671277837479, guid: 300d1f8765f92944e94cffd522ce181d,
        type: 3}
      propertyPath: m_LocalEulerAnglesHint.x
      value: 0
      objectReference: {fileID: 0}
    - target: {fileID: 8135137671277837479, guid: 300d1f8765f92944e94cffd522ce181d,
        type: 3}
      propertyPath: m_LocalEulerAnglesHint.y
      value: 0
      objectReference: {fileID: 0}
    - target: {fileID: 8135137671277837479, guid: 300d1f8765f92944e94cffd522ce181d,
        type: 3}
      propertyPath: m_LocalEulerAnglesHint.z
      value: 0
      objectReference: {fileID: 0}
    - target: {fileID: 8135137671277837479, guid: 300d1f8765f92944e94cffd522ce181d,
        type: 3}
      propertyPath: m_AnchoredPosition.x
      value: -0.0002593994
      objectReference: {fileID: 0}
    - target: {fileID: 8135137671277837479, guid: 300d1f8765f92944e94cffd522ce181d,
        type: 3}
      propertyPath: m_AnchoredPosition.y
      value: -202.7
      objectReference: {fileID: 0}
    - target: {fileID: 8135137671277837479, guid: 300d1f8765f92944e94cffd522ce181d,
        type: 3}
      propertyPath: m_SizeDelta.x
      value: 700
      objectReference: {fileID: 0}
    - target: {fileID: 8135137671277837479, guid: 300d1f8765f92944e94cffd522ce181d,
        type: 3}
      propertyPath: m_SizeDelta.y
      value: 128.9
      objectReference: {fileID: 0}
    - target: {fileID: 8135137671277837479, guid: 300d1f8765f92944e94cffd522ce181d,
        type: 3}
      propertyPath: m_AnchorMin.x
      value: 0
      objectReference: {fileID: 0}
    - target: {fileID: 8135137671277837479, guid: 300d1f8765f92944e94cffd522ce181d,
        type: 3}
      propertyPath: m_AnchorMin.y
      value: 0.5
      objectReference: {fileID: 0}
    - target: {fileID: 8135137671277837479, guid: 300d1f8765f92944e94cffd522ce181d,
        type: 3}
      propertyPath: m_AnchorMax.x
      value: 1
      objectReference: {fileID: 0}
    - target: {fileID: 8135137671277837479, guid: 300d1f8765f92944e94cffd522ce181d,
        type: 3}
      propertyPath: m_AnchorMax.y
      value: 0.5
      objectReference: {fileID: 0}
    - target: {fileID: 8135137671277837479, guid: 300d1f8765f92944e94cffd522ce181d,
        type: 3}
      propertyPath: m_Pivot.x
      value: 0.5
      objectReference: {fileID: 0}
    - target: {fileID: 8135137671277837479, guid: 300d1f8765f92944e94cffd522ce181d,
        type: 3}
      propertyPath: m_Pivot.y
      value: 0.5
      objectReference: {fileID: 0}
    - target: {fileID: 8135137671277837479, guid: 300d1f8765f92944e94cffd522ce181d,
        type: 3}
      propertyPath: m_LocalScale.x
      value: 0.2
      objectReference: {fileID: 0}
    - target: {fileID: 8135137671277837479, guid: 300d1f8765f92944e94cffd522ce181d,
        type: 3}
      propertyPath: m_LocalScale.y
      value: 0.2
      objectReference: {fileID: 0}
    - target: {fileID: 2770111821397698219, guid: 300d1f8765f92944e94cffd522ce181d,
        type: 3}
      propertyPath: m_FontData.m_FontSize
      value: 100
      objectReference: {fileID: 0}
    - target: {fileID: 2770111821397698219, guid: 300d1f8765f92944e94cffd522ce181d,
        type: 3}
      propertyPath: m_FontData.m_MaxSize
      value: 281
      objectReference: {fileID: 0}
    m_RemovedComponents: []
  m_SourcePrefab: {fileID: 100100000, guid: 300d1f8765f92944e94cffd522ce181d, type: 3}
--- !u!224 &3217191474486294981 stripped
RectTransform:
  m_CorrespondingSourceObject: {fileID: 8135137671277837479, guid: 300d1f8765f92944e94cffd522ce181d,
    type: 3}
  m_PrefabInstance: {fileID: 6647332866780972386}
  m_PrefabAsset: {fileID: 0}
--- !u!1001 &6853527658530390479
PrefabInstance:
  m_ObjectHideFlags: 0
  serializedVersion: 2
  m_Modification:
    m_TransformParent: {fileID: 3267942756055725581}
    m_Modifications:
    - target: {fileID: 7509423887252632280, guid: aa2edb25ed39a654ba23c7969defe69e,
        type: 3}
      propertyPath: m_Name
      value: ResourceIndicator_4
      objectReference: {fileID: 0}
    - target: {fileID: 8639052366481722333, guid: aa2edb25ed39a654ba23c7969defe69e,
        type: 3}
      propertyPath: m_LocalPosition.x
      value: 0
      objectReference: {fileID: 0}
    - target: {fileID: 8639052366481722333, guid: aa2edb25ed39a654ba23c7969defe69e,
        type: 3}
      propertyPath: m_LocalPosition.y
      value: 0
      objectReference: {fileID: 0}
    - target: {fileID: 8639052366481722333, guid: aa2edb25ed39a654ba23c7969defe69e,
        type: 3}
      propertyPath: m_LocalPosition.z
      value: 0
      objectReference: {fileID: 0}
    - target: {fileID: 8639052366481722333, guid: aa2edb25ed39a654ba23c7969defe69e,
        type: 3}
      propertyPath: m_LocalRotation.x
      value: 0
      objectReference: {fileID: 0}
    - target: {fileID: 8639052366481722333, guid: aa2edb25ed39a654ba23c7969defe69e,
        type: 3}
      propertyPath: m_LocalRotation.y
      value: 0
      objectReference: {fileID: 0}
    - target: {fileID: 8639052366481722333, guid: aa2edb25ed39a654ba23c7969defe69e,
        type: 3}
      propertyPath: m_LocalRotation.z
      value: 0
      objectReference: {fileID: 0}
    - target: {fileID: 8639052366481722333, guid: aa2edb25ed39a654ba23c7969defe69e,
        type: 3}
      propertyPath: m_LocalRotation.w
      value: 1
      objectReference: {fileID: 0}
    - target: {fileID: 8639052366481722333, guid: aa2edb25ed39a654ba23c7969defe69e,
        type: 3}
      propertyPath: m_RootOrder
      value: 3
      objectReference: {fileID: 0}
    - target: {fileID: 8639052366481722333, guid: aa2edb25ed39a654ba23c7969defe69e,
        type: 3}
      propertyPath: m_LocalEulerAnglesHint.x
      value: 0
      objectReference: {fileID: 0}
    - target: {fileID: 8639052366481722333, guid: aa2edb25ed39a654ba23c7969defe69e,
        type: 3}
      propertyPath: m_LocalEulerAnglesHint.y
      value: 0
      objectReference: {fileID: 0}
    - target: {fileID: 8639052366481722333, guid: aa2edb25ed39a654ba23c7969defe69e,
        type: 3}
      propertyPath: m_LocalEulerAnglesHint.z
      value: 0
      objectReference: {fileID: 0}
    - target: {fileID: 8639052366481722333, guid: aa2edb25ed39a654ba23c7969defe69e,
        type: 3}
      propertyPath: m_AnchoredPosition.x
      value: 14.2
      objectReference: {fileID: 0}
    - target: {fileID: 8639052366481722333, guid: aa2edb25ed39a654ba23c7969defe69e,
        type: 3}
      propertyPath: m_AnchoredPosition.y
      value: 28.5
      objectReference: {fileID: 0}
    - target: {fileID: 8639052366481722333, guid: aa2edb25ed39a654ba23c7969defe69e,
        type: 3}
      propertyPath: m_SizeDelta.x
      value: 57.72
      objectReference: {fileID: 0}
    - target: {fileID: 8639052366481722333, guid: aa2edb25ed39a654ba23c7969defe69e,
        type: 3}
      propertyPath: m_SizeDelta.y
      value: 44.97
      objectReference: {fileID: 0}
    - target: {fileID: 8639052366481722333, guid: aa2edb25ed39a654ba23c7969defe69e,
        type: 3}
      propertyPath: m_AnchorMin.x
      value: 0.5
      objectReference: {fileID: 0}
    - target: {fileID: 8639052366481722333, guid: aa2edb25ed39a654ba23c7969defe69e,
        type: 3}
      propertyPath: m_AnchorMin.y
      value: 0.5
      objectReference: {fileID: 0}
    - target: {fileID: 8639052366481722333, guid: aa2edb25ed39a654ba23c7969defe69e,
        type: 3}
      propertyPath: m_AnchorMax.x
      value: 0.5
      objectReference: {fileID: 0}
    - target: {fileID: 8639052366481722333, guid: aa2edb25ed39a654ba23c7969defe69e,
        type: 3}
      propertyPath: m_AnchorMax.y
      value: 0.5
      objectReference: {fileID: 0}
    - target: {fileID: 8639052366481722333, guid: aa2edb25ed39a654ba23c7969defe69e,
        type: 3}
      propertyPath: m_Pivot.x
      value: 0.5
      objectReference: {fileID: 0}
    - target: {fileID: 8639052366481722333, guid: aa2edb25ed39a654ba23c7969defe69e,
        type: 3}
      propertyPath: m_Pivot.y
      value: 0.5
      objectReference: {fileID: 0}
    m_RemovedComponents: []
  m_SourcePrefab: {fileID: 100100000, guid: aa2edb25ed39a654ba23c7969defe69e, type: 3}
--- !u!224 &2952262675706464786 stripped
RectTransform:
  m_CorrespondingSourceObject: {fileID: 8639052366481722333, guid: aa2edb25ed39a654ba23c7969defe69e,
    type: 3}
  m_PrefabInstance: {fileID: 6853527658530390479}
  m_PrefabAsset: {fileID: 0}
--- !u!1001 &8250265324472645693
PrefabInstance:
  m_ObjectHideFlags: 0
  serializedVersion: 2
  m_Modification:
    m_TransformParent: {fileID: 3267942756055725581}
    m_Modifications:
    - target: {fileID: 7509423887252632280, guid: aa2edb25ed39a654ba23c7969defe69e,
        type: 3}
      propertyPath: m_Name
      value: ResourceIndicator_3
      objectReference: {fileID: 0}
    - target: {fileID: 8639052366481722333, guid: aa2edb25ed39a654ba23c7969defe69e,
        type: 3}
      propertyPath: m_LocalPosition.x
      value: 0
      objectReference: {fileID: 0}
    - target: {fileID: 8639052366481722333, guid: aa2edb25ed39a654ba23c7969defe69e,
        type: 3}
      propertyPath: m_LocalPosition.y
      value: 0
      objectReference: {fileID: 0}
    - target: {fileID: 8639052366481722333, guid: aa2edb25ed39a654ba23c7969defe69e,
        type: 3}
      propertyPath: m_LocalPosition.z
      value: 0
      objectReference: {fileID: 0}
    - target: {fileID: 8639052366481722333, guid: aa2edb25ed39a654ba23c7969defe69e,
        type: 3}
      propertyPath: m_LocalRotation.x
      value: 0
      objectReference: {fileID: 0}
    - target: {fileID: 8639052366481722333, guid: aa2edb25ed39a654ba23c7969defe69e,
        type: 3}
      propertyPath: m_LocalRotation.y
      value: 0
      objectReference: {fileID: 0}
    - target: {fileID: 8639052366481722333, guid: aa2edb25ed39a654ba23c7969defe69e,
        type: 3}
      propertyPath: m_LocalRotation.z
      value: 0
      objectReference: {fileID: 0}
    - target: {fileID: 8639052366481722333, guid: aa2edb25ed39a654ba23c7969defe69e,
        type: 3}
      propertyPath: m_LocalRotation.w
      value: 1
      objectReference: {fileID: 0}
    - target: {fileID: 8639052366481722333, guid: aa2edb25ed39a654ba23c7969defe69e,
        type: 3}
      propertyPath: m_RootOrder
      value: 2
      objectReference: {fileID: 0}
    - target: {fileID: 8639052366481722333, guid: aa2edb25ed39a654ba23c7969defe69e,
        type: 3}
      propertyPath: m_LocalEulerAnglesHint.x
      value: 0
      objectReference: {fileID: 0}
    - target: {fileID: 8639052366481722333, guid: aa2edb25ed39a654ba23c7969defe69e,
        type: 3}
      propertyPath: m_LocalEulerAnglesHint.y
      value: 0
      objectReference: {fileID: 0}
    - target: {fileID: 8639052366481722333, guid: aa2edb25ed39a654ba23c7969defe69e,
        type: 3}
      propertyPath: m_LocalEulerAnglesHint.z
      value: 0
      objectReference: {fileID: 0}
    - target: {fileID: 8639052366481722333, guid: aa2edb25ed39a654ba23c7969defe69e,
        type: 3}
      propertyPath: m_AnchoredPosition.x
      value: -47.66
      objectReference: {fileID: 0}
    - target: {fileID: 8639052366481722333, guid: aa2edb25ed39a654ba23c7969defe69e,
        type: 3}
      propertyPath: m_AnchoredPosition.y
      value: 15.6
      objectReference: {fileID: 0}
    - target: {fileID: 8639052366481722333, guid: aa2edb25ed39a654ba23c7969defe69e,
        type: 3}
      propertyPath: m_SizeDelta.x
      value: 57.72
      objectReference: {fileID: 0}
    - target: {fileID: 8639052366481722333, guid: aa2edb25ed39a654ba23c7969defe69e,
        type: 3}
      propertyPath: m_SizeDelta.y
      value: 44.97
      objectReference: {fileID: 0}
    - target: {fileID: 8639052366481722333, guid: aa2edb25ed39a654ba23c7969defe69e,
        type: 3}
      propertyPath: m_AnchorMin.x
      value: 0.5
      objectReference: {fileID: 0}
    - target: {fileID: 8639052366481722333, guid: aa2edb25ed39a654ba23c7969defe69e,
        type: 3}
      propertyPath: m_AnchorMin.y
      value: 0.5
      objectReference: {fileID: 0}
    - target: {fileID: 8639052366481722333, guid: aa2edb25ed39a654ba23c7969defe69e,
        type: 3}
      propertyPath: m_AnchorMax.x
      value: 0.5
      objectReference: {fileID: 0}
    - target: {fileID: 8639052366481722333, guid: aa2edb25ed39a654ba23c7969defe69e,
        type: 3}
      propertyPath: m_AnchorMax.y
      value: 0.5
      objectReference: {fileID: 0}
    - target: {fileID: 8639052366481722333, guid: aa2edb25ed39a654ba23c7969defe69e,
        type: 3}
      propertyPath: m_Pivot.x
      value: 0.5
      objectReference: {fileID: 0}
    - target: {fileID: 8639052366481722333, guid: aa2edb25ed39a654ba23c7969defe69e,
        type: 3}
      propertyPath: m_Pivot.y
      value: 0.5
      objectReference: {fileID: 0}
    m_RemovedComponents: []
  m_SourcePrefab: {fileID: 100100000, guid: aa2edb25ed39a654ba23c7969defe69e, type: 3}
--- !u!224 &403847059344339936 stripped
RectTransform:
  m_CorrespondingSourceObject: {fileID: 8639052366481722333, guid: aa2edb25ed39a654ba23c7969defe69e,
    type: 3}
  m_PrefabInstance: {fileID: 8250265324472645693}
  m_PrefabAsset: {fileID: 0}
